%% This BibTeX bibliography file was created using BibDesk.
%% http://bibdesk.sourceforge.net/


%% Created for francisco at 2011-05-25 23:26:11 +0200 


%% Saved with string encoding Unicode (UTF-8) 



@article{vrpn,
	Author = {Russell M. Taylor II, Thomas C. Hudson, Adam Seeger, Hans Weber, Jeffrey Juliano, Aron T. Helser},
	Date-Added = {2011-05-25 23:23:52 +0200},
	Date-Modified = {2011-05-25 23:25:18 +0200},
	Journal = {VRST},
	Title = {VRPN: A Device-Independent, Network-Transparent VR Peripheral System},
	Year = {2001}}

@book{37signals,
	Author = {Fried, J. and Hansson, H.D. and Linderman, M.},
	Isbn = {9780578012810},
	Publisher = {37signals},
	Title = {Getting Real: the Smarter, Faster, Easier Way to Build a Successful Web Application},
	Url = {http://books.google.com/books?id=NIZNQwAACAAJ},
	Year = {2009},
	Bdsk-Url-1 = {http://books.google.com/books?id=NIZNQwAACAAJ}}

@electronic{apple,
	Author = {{Apple Inc.}},
	Title = {Apple Human Interface Guidelines},
	Urldate ={http://developer.apple.com/library/mac/#documentation/UserExperience/Conceptual/AppleHIGuidelines/XHIGIntro/XHIGIntro.html}}

@inproceedings{Burton,
	Author = {Burton N, Kilgour A C , Taylor H},
	Booktitle = {Proceedings of From Desk-Top to Web-Top: Virtual Environments on the Internet, World Wide Web and Networks},
	Date-Added = {2011-05-16 05:09:17 +0200},
	Date-Modified = {2011-05-16 05:10:40 +0200},
	Pages = {1-24},
	Title = {A Case Study in the Use of VRML 2.0 for Marketing a Product},
	Year = {1997}}

@inproceedings{Bernheim,
	Author = {Bernheim Brush A.J., Bargeron D., Gupta A., Cadiz JJ},
	Booktitle = {Proceedings of the SIG-CHI Conference on Human Factors in Computing Systems},
	Date-Added = {2011-05-16 05:06:40 +0200},
	Date-Modified = {2011-05-16 05:09:00 +0200},
	Pages = {285-292},
	Title = {Robust Annotation Positioning in Digital Documents},
	Year = {2001}}

@inproceedings{Kadobayashi,
	Acmid = {1152452},
	Address = {New York, NY, USA},
	Author = {Kadobayashi, Rieko and Lombardi, Julian and McCahill, Mark P. and Stearns, Howard and Tanaka, Katsumi and Kay, Alan},
	Booktitle = {Proceedings of the 2005 international conference on Augmented tele-existence},
	Doi = {http://doi.acm.org/10.1145/1152399.1152452},
	Isbn = {0-473-10657-4},
	Keywords = {3D user interface, croquet, virtual reality},
	Location = {Christchurch, New Zealand},
	Numpages = {2},
	Pages = {255--256},
	Publisher = {ACM},
	Series = {ICAT '05},
	Title = {Annotation authoring in collaborative 3D virtual environments},
	Url = {http://doi.acm.org/10.1145/1152399.1152452},
	Year = {2005},
	Bdsk-Url-1 = {http://doi.acm.org/10.1145/1152399.1152452}}

@inproceedings{Sonnet,
	Acmid = {989871},
	Address = {New York, NY, USA},
	Author = {Sonnet, Henry and Carpendale, Sheelagh and Strothotte, Thomas},
	Booktitle = {Proceedings of the working conference on Advanced visual interfaces},
	Doi = {http://doi.acm.org/10.1145/989863.989871},
	Isbn = {1-58113-867-9},
	Keywords = {3D model exploration, expanding annotations, explosion diagram, interaction design},
	Location = {Gallipoli, Italy},
	Numpages = {8},
	Pages = {63--70},
	Publisher = {ACM},
	Series = {AVI '04},
	Title = {Integrating expanding annotations with a 3D explosion probe},
	Url = {http://doi.acm.org/10.1145/989863.989871},
	Year = {2004},
	Bdsk-Url-1 = {http://doi.acm.org/10.1145/989863.989871}}

@inproceedings{Jung,
	Acmid = {502733},
	Address = {New York, NY, USA},
	Author = {Jung, Thomas and Gross, Mark D. and Do, Ellen Yi-Luen},
	Booktitle = {Proceedings of the 7th international conference on Intelligent user interfaces},
	Doi = {http://doi.acm.org/10.1145/502716.502733},
	Isbn = {1-58113-459-2},
	Keywords = {3D models, Java 3D, VRML, annotation, collaboration, gesture recognition, pen-based interface, sketch in 3D},
	Location = {San Francisco, California, USA},
	Numpages = {8},
	Pages = {95--102},
	Publisher = {ACM},
	Series = {IUI '02},
	Title = {Annotating and sketching on 3D web models},
	Url = {http://doi.acm.org/10.1145/502716.502733},
	Year = {2002},
	Bdsk-Url-1 = {http://doi.acm.org/10.1145/502716.502733}}

@inproceedings{Goncalves,
	Acmid = {1501811},
	Address = {New York, NY, USA},
	Author = {Gon\c{c}alves, Duarte and Jesus, Rui and Grangeiro, Filipe and Rom\~{a}o, Teresa and Correia, Nuno},
	Booktitle = {Proceedings of the 2008 International Conference on Advances in Computer Entertainment Technology},
	Doi = {http://doi.acm.org/10.1145/1501750.1501811},
	Isbn = {978-1-60558-393-8},
	Keywords = {computer games, gesture based interface, image annotation},
	Location = {Yokohama, Japan},
	Numpages = {4},
	Pages = {259--262},
	Publisher = {ACM},
	Series = {ACE '08},
	Title = {Tag around: a 3D gesture game for image annotation},
	Url = {http://doi.acm.org/10.1145/1501750.1501811},
	Year = {2008},
	Bdsk-Url-1 = {http://doi.acm.org/10.1145/1501750.1501811}}

@inproceedings{Duval,
	Acmid = {1450664},
	Address = {New York, NY, USA},
	Author = {Duval, Thierry and Fleury, C\'{e}dric and Nouailhas, Bernard and Aguerreche, Laurent},
	Booktitle = {Proceedings of the 2008 ACM symposium on Virtual reality software and technology},
	Doi = {http://doi.acm.org/10.1145/1450579.1450664},
	Isbn = {978-1-59593-951-7},
	Keywords = {3D interaction, 3D scientific visualization, collaborative virtual environments},
	Location = {Bordeaux, France},
	Numpages = {2},
	Pages = {303--304},
	Publisher = {ACM},
	Series = {VRST '08},
	Title = {Collaborative exploration of 3D scientific data},
	Url = {http://doi.acm.org/10.1145/1450579.1450664},
	Year = {2008},
	Bdsk-Url-1 = {http://doi.acm.org/10.1145/1450579.1450664}}

@inproceedings{Hong,
	Acmid = {1056942},
	Address = {New York, NY, USA},
	Author = {Hong, Lichan and Chi, Ed H. and Card, Stuart K.},
	Booktitle = {CHI '05 extended abstracts on Human factors in computing systems},
	Doi = {http://doi.acm.org/10.1145/1056808.1056942},
	Isbn = {1-59593-002-7},
	Keywords = {3D book, annotation, digital library, user interface},
	Location = {Portland, OR, USA},
	Numpages = {4},
	Pages = {1463--1466},
	Publisher = {ACM},
	Series = {CHI EA '05},
	Title = {Annotating 3D electronic books},
	Url = {http://doi.acm.org/10.1145/1056808.1056942},
	Year = {2005},
	Bdsk-Url-1 = {http://doi.acm.org/10.1145/1056808.1056942}}

@book{lidwell2003universal,
	Author = {Lidwell, W. and Holden, K. and Butler, J.},
	Isbn = {9781592530076},
	Lccn = {2003009384},
	Publisher = {Rockport},
	Title = {{Universal principles of design: 100 ways to enhance usability, influence perception, increase appeal, make better design decisions, and teach through design}},
	Url = {http://books.google.com/books?id=e4AaWB3QX6cC},
	Year = {2003},
	Bdsk-Url-1 = {http://books.google.com/books?id=e4AaWB3QX6cC}}

	@inproceedings{vrpn,
	 author = {Taylor,II, Russell M. and Hudson, Thomas C. and Seeger, Adam and Weber, Hans and Juliano, Jeffrey and Helser, Aron T.},
	 title = {VRPN: a device-independent, network-transparent VR peripheral system},
	 booktitle = {Proceedings of the ACM symposium on Virtual reality software and technology},
	 series = {VRST '01},
	 year = {2001},
	 isbn = {1-58113-427-4},
	 location = {Baniff, Alberta, Canada},
	 pages = {55--61},
	 numpages = {7},
	 url = {http://doi.acm.org/10.1145/505008.505019},
	 doi = {http://doi.acm.org/10.1145/505008.505019},
	 acmid = {505019},
	 publisher = {ACM},
	 address = {New York, NY, USA},
	 keywords = {input devices, interactive graphics, library, peripherals, virtual environments, virtual worlds},
	} 
	
	@book{3DUI,
	  title={3D user interfaces: theory and practice},
	  author={Bowman, D.A.},
	  isbn={9780201758672},
	  lccn={2004008403},
	  series={Pearson Education},
	  url={http://books.google.com/books?id=It5QAAAAMAAJ},
	  year={2005},
	  publisher={Addison-Wesley}
	}
	
	@inproceedings{Tsang,
	 author = {Tsang, Michael and Fitzmaurice, George W. and Kurtenbach, Gordon and Khan, Azam and Buxton, Bill},
	 title = {Boom chameleon: simultaneous capture of 3D viewpoint, voice and gesture annotations on a spatially-aware display},
	 booktitle = {Proceedings of the 15th annual ACM symposium on User interface software and technology},
	 series = {UIST '02},
	 year = {2002},
	 isbn = {1-58113-488-6},
	 location = {Paris, France},
	 pages = {111--120},
	 numpages = {10},
	 url = {http://doi.acm.org/10.1145/571985.572001},
	 doi = {http://doi.acm.org/10.1145/571985.572001},
	 acmid = {572001},
	 publisher = {ACM},
	 address = {New York, NY, USA},
	 keywords = {3D navigation, annotation, gesture, spatially-aware display, voice},
	}
	
